@article{RN21,
   author = {Barabino, Benedetto},
   title = {Transit Bus Route Network Design: A Model and its Application in a Real Network},
   journal = {WIT Transactions on the Built Environment},
   volume = {107},
   DOI = {10.2495/UT090331},
   year = {2009},
   type = {Journal Article}
}

@inbook{RN7,
   author = {Basak, Sanchita and Sun, Fangzhou and Sengupta, Saptarshi and Dubey, Abhishek},
   title = {Data-Driven Optimization of Public Transit Schedule},
   publisher = {Springer International Publishing},
   pages = {265-284},
   ISBN = {0302-9743},
   DOI = {10.1007/978-3-030-37188-3_16},
   url = {https://dx.doi.org/10.1007/978-3-030-37188-3_16},
   year = {2019},
   type = {Book Section}
}

@book{RN35,
   author = {Burke, Edmund K and Jendall, Graham},
   title = {Search Methodologies},
   publisher = {Springer},
   edition = {2},
   ISBN = {978-1-4614-6940-7},
   url = {https://www.springer.com/gp/book/9781461469391},
   year = {2014},
   type = {Book}
}

@inproceedings{RN24,
   author = {Burke, E. K. and Newall, J. P.},
   title = {Enhancing Timetable Solutions with Local Search Methods},
   booktitle = {Practice and Theory of Automated Timetabling IV},
   editor = {Burke, Edmund and De Causmaecker, Patrick},
   publisher = {Springer Berlin Heidelberg},
   pages = {195-206},
   ISBN = {978-3-540-45157-0},
   type = {Conference Proceedings}
}

@article{RN33,
   author = {Ceder, A. and Philibert, L.},
   title = {Transit Timetables Resulting in Even Maximum Load on Individual Vehicles},
   journal = {IEEE Transactions on Intelligent Transportation Systems},
   volume = {15},
   number = {6},
   pages = {2605-2614},
   ISSN = {1558-0016},
   DOI = {10.1109/TITS.2014.2318834},
   year = {2014},
   type = {Journal Article}
}

@article{RN16,
   author = {Ceylan, Huseyin and Ozcan, Tayfun},
   title = {Optimization of Headways and Departure Times in Urban Bus Networks: A Case Study of Çorlu, Turkey},
   journal = {Advances in Civil Engineering},
   volume = {2018},
   pages = {7094504},
   ISSN = {1687-8086},
   DOI = {10.1155/2018/7094504},
   url = {https://doi.org/10.1155/2018/7094504},
   year = {2018},
   type = {Journal Article}
}

@article{RN5,
   author = {Chen, Qun},
   title = {Global Optimization for Bus Line Timetable Setting Problem},
   journal = {Discrete Dynamics in Nature and Society},
   volume = {2014},
   pages = {1-9},
   ISSN = {1026-0226},
   DOI = {10.1155/2014/636937},
   url = {https://dx.doi.org/10.1155/2014/636937},
   year = {2014},
   type = {Journal Article}
}

@article{RN14,
   author = {Commissioner, Senior Traffic},
   title = {Traffic commissioners: local bus services in England (outside London) and Wales Guidance},
   pages = {15},
   year = {2020},
   type = {Journal Article}
}

@article{RN28,
   author = {Department for Transport, UK Goverment},
   title = {TransXChange - UK nationwide standard for exchanging bus schedules and related data.},
   url = {https://www.gov.uk/government/collections/transxchange},
   year = {2014},
   type = {Journal Article}
}

@article{RN27,
   author = {Department for Transport, UK Goverment},
   title = {Technical guidance: SIRI-VM},
   url = {https://www.gov.uk/government/publications/technical-guidance-publishing-location-data-using-the-bus-open-data-service-siri-vm/technical-guidance-siri-vm},
   year = {2020},
   type = {Journal Article}
}

@article{RN25,
   author = {Fan, Wei and Machemehl, Randy B.},
   title = {Tabu Search Strategies for the Public Transportation Network Optimizations with Variable Transit Demand},
   volume = {23},
   number = {7},
   pages = {502-520},
   ISSN = {1093-9687},
   DOI = {10.1111/j.1467-8667.2008.00556.x},
   url = {https://dx.doi.org/10.1111/j.1467-8667.2008.00556.x},
   year = {2008},
   type = {Journal Article}
}

@article{RN8,
   author = {Fangzhou Sun, Chinmaya Samal, Jules White, Abhishek Dubey},
   title = {Unsupervised Mechanisms for Optimizing On-Time
Performance of Fixed Schedule Transit Vehicles},
   pages = {8},
   year = {2017},
   type = {Journal Article}
}

@article{RN10,
   author = {Fiona Dobbie, Susan McConville and Rachel Ormston },
   title = {Understanding Why Some People Do Not Use Buses},
   journal = {Scottish Government Social Research},
   pages = {106},
   ISSN = {9780755992935},
   url = {https://www.gov.scot/publications/understanding-people-use-buses/pages/8/},
   year = {2010},
   type = {Journal Article}
}

@article{RN22,
   author = {Friedman, Moshe},
   title = {A mathematical programming model for optimal scheduling of buses' departures under deterministic conditions},
   journal = {Transportation Research},
   volume = {10},
   number = {2},
   pages = {83-90},
   ISSN = {0041-1647},
   DOI = {https://doi.org/10.1016/0041-1647(76)90044-7},
   url = {http://www.sciencedirect.com/science/article/pii/0041164776900447},
   year = {1976},
   type = {Journal Article}
}

@article{RN2,
   author = {Gkiotsalitis, K. and Alesiani, F.},
   title = {Robust timetable optimization for bus lines subject to resource and regulatory constraints},
   journal = {Transportation Research Part E: Logistics and Transportation Review},
   volume = {128},
   pages = {30-51},
   ISSN = {1366-5545},
   DOI = {10.1016/j.tre.2019.05.016},
   url = {https://dx.doi.org/10.1016/j.tre.2019.05.016},
   year = {2019},
   type = {Journal Article}
}

@article{RN37,
   author = {Glover, Fred},
   title = {Tabu Search-Part I},
   journal = {ORSA Journal on Computing},
   volume = {1},
   ISSN = {1091-9856},
   year = {1989},
   type = {Journal Article}
}

@inbook{RN42,
   author = {Glover, Fred and Laguna, Manuel},
   title = {Tabu Search},
   booktitle = {Handbook of Combinatorial Optimization: Volume1–3},
   editor = {Du, Ding-Zhu and Pardalos, Panos M.},
   publisher = {Springer US},
   address = {Boston, MA},
   pages = {2093-2229},
   ISBN = {978-1-4613-0303-9},
   DOI = {10.1007/978-1-4613-0303-9_33},
   url = {https://doi.org/10.1007/978-1-4613-0303-9_33},
   year = {1998},
   type = {Book Section}
}

@misc{RN34,
   volume = {2020},
   number = {15/12/2020},
   url = {https://publications.parliament.uk/pa/cm201011/cmselect/cmtran/writev/etm/m36a.htm},
   year = {2010},
   type = {Web Page}
}

@article{RN13,
   author = {Goverment, UK},
   title = {Bus Services Act 2017},
   journal = {UK Public General Acts},
   url = {https://assets.publishing.service.gov.uk/government/uploads/system/uploads/attachment_data/file/792313/bus-open-data-consultation-response.pdf},
   year = {2017},
   type = {Journal Article}
}

@article{RN20,
   author = {Ibarra-Rojas, O. J. and Delgado, F. and Giesen, R. and Muñoz, J. C.},
   title = {Planning, operation, and control of bus transport systems: A literature review},
   journal = {Transportation Research Part B: Methodological},
   volume = {77},
   pages = {38-75},
   ISSN = {0191-2615},
   DOI = {10.1016/j.trb.2015.03.002},
   url = {https://dx.doi.org/10.1016/j.trb.2015.03.002},
   year = {2015},
   type = {Journal Article}
}

@article{RN18,
   author = {Jinjun Tang , Yifan Yang, Wei Hao , Member, IEEE, Fang Liu , and Yinhai Wang},
   title = {A Data-Driven Timetable Optimization of Urban Bus Line Based on Multi-Objective Genetic Algorithm},
   journal = {IEEE Transactions on Intelligent Transportation Systems},
   pages = {13},
   year = {2020},
   type = {Journal Article}
}

@article{RN39,
   author = {Joslin, David E },
   title = {"Squeaky Wheel" Optimization},
   journal = {Journal of Artificial Intelligence Research},
   volume = {10},
   pages = {353-373},
   year = {1998},
   type = {Journal Article}
}

@misc{RN44,
   url = {https://docs.microsoft.com/en-us/archive/msdn-magazine/2009/february/patterns-wpf-apps-with-the-model-view-viewmodel-design-pattern},
   year = {2009},
   type = {Web Page}
}

@misc{RN29,
   volume = {2020},
   number = {29/11/2020},
   url = {https://docs.microsoft.com/en-us/dotnet/standard/asynchronous-programming-patterns/task-based-asynchronous-pattern-tap},
   year = {2019},
   type = {Web Page}
}

@misc{RN41,
   url = {https://docs.microsoft.com/en-us/dotnet/csharp/nullable-references},
   year = {2020},
   type = {Web Page}
}

@inbook{RN38,
   author = {Moreira-Matias, Luís and Ferreira, Carlos and Gama, João and Mendes-Moreira, João and De Sousa, Jorge Freire},
   title = {Bus Bunching Detection by Mining Sequences of Headway Deviations},
   publisher = {Springer Berlin Heidelberg},
   pages = {77-91},
   ISBN = {0302-9743},
   DOI = {10.1007/978-3-642-31488-9_7},
   url = {https://dx.doi.org/10.1007/978-3-642-31488-9_7},
   year = {2012},
   type = {Book Section}
}

@article{RN23,
   author = {Nayeem, Muhammad and Rahman, Md and Rahman, Mohammad},
   title = {Transit network design by genetic algorithm with elitism},
   journal = {Transportation Research Part C: Emerging Technologies},
   volume = {46},
   pages = {30–45},
   DOI = {10.1016/j.trc.2014.05.002},
   year = {2014},
   type = {Journal Article}
}

@article{RN11,
   author = {PTEG, The voice of urban transport},
   title = {Bus Punctuality},
   pages = {28},
   url = {https://www.urbantransportgroup.org/system/files/general-docs/pteg%20bus%20punctuality%20web%20report%20June%202014_FINAL2.pdf},
   year = {2014},
   type = {Journal Article}
}

@book{RN36,
   author = {Russell, Stuart and Norvig, Peter},
   title = {Artificial Intelligence: A Modern Approach},
   publisher = {Prentice Hall Press},
   edition = {3},
   ISBN = {0-13-604259-7},
   year = {2009},
   type = {Book}
}

@article{RN40,
   author = {Schmöcker, Jan-Dirk and Sun, Wenzhe and Fonzone, Achille and Liu, Ronghui},
   title = {Bus bunching along a corridor served by two lines},
   journal = {Transportation Research Part B: Methodological},
   volume = {93},
   pages = {300-317},
   ISSN = {0191-2615},
   DOI = {https://doi.org/10.1016/j.trb.2016.07.005},
   url = {https://www.sciencedirect.com/science/article/pii/S0191261516304945},
   year = {2016},
   type = {Journal Article}
}

@article{RN9,
   author = {Statistics, Department for Transport},
   title = {TSGB0103 (NTS0303): Average number of trips, stages, miles and time spent travelling by main mode (ODS)},
   url = {https://www.gov.uk/government/statistical-data-sets/tsgb01-modal-comparisons#mode-share},
   year = {2018},
   type = {Journal Article}
}

@article{RN12,
   author = {statistics, Department for Transport},
   title = {Percentage of buses with an automatic vehicle location (AVL) device where the device is used to monitor punctuality by metropolitan area status and country, local bus operators only: Great Britain},
   pages = {3},
   url = {https://www.gov.uk/government/statistical-data-sets/bus06-vehicle-stocks-technology-and-equipment},
   year = {2019},
   type = {Journal Article}
}

@article{RN32,
   author = {Sun, Daniel and Xu, Ya and Peng, Zhong-Ren},
   title = {Timetable optimization for single bus line based on hybrid vehicle size model},
   journal = {Journal of Traffic and Transportation Engineering (English Edition)},
   volume = {2},
   number = {3},
   pages = {179-186},
   ISSN = {2095-7564},
   DOI = {https://doi.org/10.1016/j.jtte.2015.03.006},
   url = {http://www.sciencedirect.com/science/article/pii/S2095756415000288},
   year = {2015},
   type = {Journal Article}
}

@article{RN31,
   author = {Szeto, W. Y. and Wu, Yongzhong},
   title = {A simultaneous bus route design and frequency setting problem for Tin Shui Wai, Hong Kong},
   journal = {European Journal of Operational Research},
   volume = {209},
   number = {2},
   pages = {141-155},
   ISSN = {0377-2217},
   DOI = {https://doi.org/10.1016/j.ejor.2010.08.020},
   url = {http://www.sciencedirect.com/science/article/pii/S0377221710005576},
   year = {2011},
   type = {Journal Article}
}

@book{RN43,
   author = {Van Brummelen, Glen},
   title = {Heavenly Mathematics
The Forgotten Art of Spherical Trigonometry},
   publisher = {Princeton University Press},
   ISBN = {9780691148922},
   url = {http://www.jstor.org/stable/j.ctt1r2fvb},
   year = {2013},
   type = {Book}
}

@article{RN19,
   author = {Wang, Yuan and Zhang, Dongxiang and Hu, Lu and Yang, Yang and Lee, Loo Hay},
   title = {A Data-Driven and Optimal Bus Scheduling Model With Time-Dependent Traffic and Demand},
   year = {2017},
   type = {Journal Article}
}

@article{RN26,
   author = {Wu, Yinghui and Tang, Jiafu and Yu, Yang and Pan, Zhendong},
   title = {A stochastic optimization model for transit network timetable design to mitigate the randomness of traveling time by adding slack time},
   journal = {Transportation Reasearch Part C 52},
   pages = {17},
   year = {2015},
   type = {Journal Article}
}

@inproceedings{RN4,
   author = {Wu, Yinghui and Tang, Jiafu and Zhang, Yu},
   title = {Optimizing reliable timetable for bus transit network: Model formulation and solution},
   publisher = {IEEE},
   DOI = {10.1109/ccdc.2013.6561231},
   url = {https://dx.doi.org/10.1109/ccdc.2013.6561231},
   type = {Conference Proceedings}
}

@article{RN15,
   author = {Wu, Yinghui and Yang, Hai and Tang, Jiafu and Yu, Yang},
   title = {Multi-objective re-synchronizing of bus timetable: Model, complexity and solution},
   journal = {Transportation Research Part C: Emerging Technologies},
   volume = {67},
   pages = {149-168},
   ISSN = {0968-090X},
   DOI = {10.1016/j.trc.2016.02.007},
   url = {https://dx.doi.org/10.1016/j.trc.2016.02.007},
   year = {2016},
   type = {Journal Article}
}

@article{RN17,
   author = {Y. Wu, J. Tang and Y. Zhang},
   title = {Optimizing reliable timetable for bus transit network: Model formulation and solution},
   year = {2013},
   type = {Journal Article}
}

