@inbook{RN7,
   author = {Basak, Sanchita and Sun, Fangzhou and Sengupta, Saptarshi and Dubey, Abhishek},
   title = {Data-Driven Optimization of Public Transit Schedule},
   publisher = {Springer International Publishing},
   pages = {265-284},
   ISBN = {0302-9743},
   DOI = {10.1007/978-3-030-37188-3_16},
   url = {https://dx.doi.org/10.1007/978-3-030-37188-3_16},
   year = {2019},
   type = {Book Section}
}

@article{RN5,
   author = {Chen, Qun},
   title = {Global Optimization for Bus Line Timetable Setting Problem},
   journal = {Discrete Dynamics in Nature and Society},
   volume = {2014},
   pages = {1-9},
   ISSN = {1026-0226},
   DOI = {10.1155/2014/636937},
   url = {https://dx.doi.org/10.1155/2014/636937},
   year = {2014},
   type = {Journal Article}
}

@article{RN14,
   author = {Commissioner, Senior Traffic},
   title = {Traffic commissioners: local bus services in England (outside London) and Wales Guidance},
   pages = {15},
   year = {2020},
   type = {Journal Article}
}

@article{RN8,
   author = {Fangzhou Sun, Chinmaya Samal, Jules White, Abhishek Dubey},
   title = {Unsupervised Mechanisms for Optimizing On-Time
Performance of Fixed Schedule Transit Vehicles},
   pages = {8},
   year = {2017},
   type = {Journal Article}
}

@article{RN10,
   author = {Fiona Dobbie, Susan McConville and Rachel Ormston },
   title = {Understanding Why Some People Do Not Use Buses},
   journal = {Scottish Government Social Research},
   pages = {106},
   ISSN = {9780755992935},
   url = {https://www.gov.scot/publications/understanding-people-use-buses/pages/8/},
   year = {2010},
   type = {Journal Article}
}

@article{RN2,
   author = {Gkiotsalitis, K. and Alesiani, F.},
   title = {Robust timetable optimization for bus lines subject to resource and regulatory constraints},
   journal = {Transportation Research Part E: Logistics and Transportation Review},
   volume = {128},
   pages = {30-51},
   ISSN = {1366-5545},
   DOI = {10.1016/j.tre.2019.05.016},
   url = {https://dx.doi.org/10.1016/j.tre.2019.05.016},
   year = {2019},
   type = {Journal Article}
}

@article{RN13,
   author = {Goverment, UK},
   title = {Bus Services Act 2017},
   journal = {UK Public General Acts},
   url = {https://assets.publishing.service.gov.uk/government/uploads/system/uploads/attachment_data/file/792313/bus-open-data-consultation-response.pdf},
   year = {2017},
   type = {Journal Article}
}

@article{RN11,
   author = {PTEG, The voice of urban transport},
   title = {Bus Punctuality},
   pages = {28},
   url = {https://www.urbantransportgroup.org/system/files/general-docs/pteg%20bus%20punctuality%20web%20report%20June%202014_FINAL2.pdf},
   year = {2014},
   type = {Journal Article}
}

@article{RN9,
   author = {Statistics, Department for Transport},
   title = {TSGB0103 (NTS0303): Average number of trips, stages, miles and time spent travelling by main mode (ODS)},
   url = {https://www.gov.uk/government/statistical-data-sets/tsgb01-modal-comparisons#mode-share},
   year = {2018},
   type = {Journal Article}
}

@article{RN12,
   author = {statistics, Department for Transport},
   title = {Percentage of buses with an automatic vehicle location (AVL) device where the device is used to monitor punctuality by metropolitan area status and country, local bus operators only: Great Britain},
   pages = {3},
   url = {https://www.gov.uk/government/statistical-data-sets/bus06-vehicle-stocks-technology-and-equipment},
   year = {2019},
   type = {Journal Article}
}

@inproceedings{RN4,
   author = {Wu, Yinghui and Tang, Jiafu and Zhang, Yu},
   title = {Optimizing reliable timetable for bus transit network: Model formulation and solution},
   publisher = {IEEE},
   DOI = {10.1109/ccdc.2013.6561231},
   url = {https://dx.doi.org/10.1109/ccdc.2013.6561231},
   type = {Conference Proceedings}
}

@article{RN15,
   author = {Wu, Yinghui and Yang, Hai and Tang, Jiafu and Yu, Yang},
   title = {Multi-objective re-synchronizing of bus timetable: Model, complexity and solution},
   journal = {Transportation Research Part C: Emerging Technologies},
   volume = {67},
   pages = {149-168},
   ISSN = {0968-090X},
   DOI = {10.1016/j.trc.2016.02.007},
   url = {https://dx.doi.org/10.1016/j.trc.2016.02.007},
   year = {2016},
   type = {Journal Article}
}

